<?xml version="1.0" encoding="UTF-8"?><collection xmlns="http://www.loc.gov/MARC21/slim"><record><leader>00373nam--2200133-i-4500</leader><controlfield tag="001">000016769</controlfield><controlfield tag="002">20161230</controlfield><controlfield tag="005">20170211143503</controlfield><controlfield tag="008">060222s1000------------r-----000-0-eng-d</controlfield><datafield ind1=" " ind2=" " tag="245"><subfield code="a">Daresbury, 1987/1988</subfield></datafield><datafield ind1=" " ind2=" " tag="260"><subfield code="a">Warrington</subfield><subfield code="b">Science And Engineering Research Council</subfield><subfield code="c">1988</subfield></datafield><datafield ind1=" " ind2=" " tag="300"><subfield code="a">55 p</subfield></datafield><datafield ind1=" " ind2=" " tag="852"><subfield code="a">061.62(420):621.039.5:001.891(047.1)</subfield></datafield><datafield ind1=" " ind2=" " tag="CAT"><subfield code="a">SYS</subfield><subfield code="c">20170211</subfield><subfield code="h">143503</subfield></datafield></record></collection>